@article{lanusse2023astroclip,
  title   = {AstroCLIP: Cross-Modal Pre-Training for Astronomical Foundation Models},
  author  = {Lanusse, Francois and Parker, Liam and Golkar, Siavash and Cranmer, Miles and Bietti, Alberto and Eickenberg, Michael and Krawezik, Geraud and McCabe, Michael and Ohana, Ruben and Pettee, Mariel and others},
  journal = {arXiv preprint arXiv:2310.03024},
  year    = {2023}
}

@article{nguyen2023astrollama,
  title   = {AstroLLaMA: Towards Specialized Foundation Models in Astronomy},
  author  = {Nguyen, Tuan Dung and Ting, Yuan-Sen and Ciuc{\u{a}}, Ioana and O'Neill, Charlie and Sun, Ze-Chang and Jab{\l}o{\'n}ska, Maja and Kruk, Sandor and Perkowski, Ernest and Miller, Jack and Li, Jason and others},
  journal = {arXiv preprint arXiv:2309.06126},
  year    = {2023}
}

@article{willard2023efficient,
  title   = {Efficient Guided Generation for LLMs},
  author  = {Willard, Brandon T and Louf, R{\'e}mi},
  journal = {arXiv preprint arXiv:2307.09702},
  year    = {2023}
}


@inproceedings{radford2021learning,
  title        = {Learning transferable visual models from natural language supervision},
  author       = {Radford, Alec and Kim, Jong Wook and Hallacy, Chris and Ramesh, Aditya and Goh, Gabriel and Agarwal, Sandhini and Sastry, Girish and Askell, Amanda and Mishkin, Pamela and Clark, Jack and others},
  booktitle    = {International conference on machine learning},
  pages        = {8748--8763},
  year         = {2021},
  organization = {PMLR}
}

@article{cepeda2023geoclip,
  title   = {GeoCLIP: Clip-Inspired Alignment between Locations and Images for Effective Worldwide Geo-localization},
  author  = {Cepeda, Vicente Vivanco and Nayak, Gaurav Kumar and Shah, Mubarak},
  journal = {arXiv preprint arXiv:2309.16020},
  year    = {2023}
}

@article{oord2018representation,
  title   = {Representation learning with contrastive predictive coding},
  author  = {Oord, Aaron van den and Li, Yazhe and Vinyals, Oriol},
  journal = {arXiv preprint arXiv:1807.03748},
  year    = {2018}
}

@inproceedings{DBLP:journals/corr/KingmaB14,
  author        = {Diederik P. Kingma and Jimmy Ba},
  bibsource     = {dblp computer science bibliography, https://dblp.org},
  biburl        = {https://dblp.org/rec/journals/corr/KingmaB14.bib},
  booktitle     = {3rd International Conference on Learning Representations, {ICLR} 2015, San Diego, CA, USA, May 7-9, 2015, Conference Track Proceedings},
  date-added    = {2021-10-12 10:47:38 -0400},
  date-modified = {2021-10-12 10:47:38 -0400},
  editor        = {Yoshua Bengio and Yann LeCun},
  timestamp     = {Thu, 25 Jul 2019 14:25:37 +0200},
  title         = {Adam: {A} Method for Stochastic Optimization},
  url           = {http://arxiv.org/abs/1412.6980},
  year          = {2015},
  bdsk-url-1    = {http://arxiv.org/abs/1412.6980}
}

@inproceedings{DBLP:conf/iclr/LoshchilovH19,
  author        = {Ilya Loshchilov and Frank Hutter},
  bibsource     = {dblp computer science bibliography, https://dblp.org},
  biburl        = {https://dblp.org/rec/conf/iclr/LoshchilovH19.bib},
  booktitle     = {7th International Conference on Learning Representations, {ICLR} 2019, New Orleans, LA, USA, May 6-9, 2019},
  date-added    = {2021-10-12 10:46:54 -0400},
  date-modified = {2021-10-12 10:48:48 -0400},
  timestamp     = {Thu, 25 Jul 2019 14:26:04 +0200},
  title         = {Decoupled Weight Decay Regularization},
  url           = {https://openreview.net/forum?id=Bkg6RiCqY7},
  year          = {2019},
  bdsk-url-1    = {https://openreview.net/forum?id=Bkg6RiCqY7}
}
